@Article{Levy1994,
  author        = {Levy, Moshe and Levy, Haim and Solomon, Sorin},
  title         = {A microscopic model of the stock market: cycles, booms, and crashes},
  journal       = {Economics Letters},
  year          = {1994},
  volume        = {45},
  number        = {1},
  pages         = {103--111},
  __markedentry = {[Mauricio:]},
  publisher     = {Elsevier},
}


@Article{Levy1995,
  author        = {Levy, Moshe and Levy, Haim and Solomon, Sorin},
  title         = {Microscopic simulation of the stock market: the effect of microscopic diversity},
  journal       = {Journal de Physique I},
  year          = {1995},
  volume        = {5},
  number        = {8},
  pages         = {1087--1107},
  __markedentry = {[Mauricio:]},
  publisher     = {EDP Sciences},
}

@Article{Levy1996a,
  author        = {Levy, Moshe and Persky, Nathan and Solomon, Sorin},
  title         = {The complex dynamics of a simple stock market model},
  journal       = {International Journal of High Speed Computing},
  year          = {1996},
  volume        = {8},
  number        = {01},
  pages         = {93--113},
  __markedentry = {[Mauricio:]},
  publisher     = {World Scientific},
}

@Article{Levy1996b,
  author        = {Levy, Moshe and Solomon, Sorin and Ram, Givat},
  title         = {Dynamical explanation for the emergence of power law in a stock market model},
  journal       = {International Journal of Modern Physics C},
  year          = {1996},
  volume        = {7},
  number        = {01},
  pages         = {65--72},
  __markedentry = {[Mauricio:]},
  publisher     = {World Scientific},
}

@inproceedings{levy1997,
  title			= {Dynamical Explanation for the Emergence of Power Law},
  author			= {Levy, Moshe and Sorin, Solomon},
  booktitle		= {lesearch Workshop},
  pages			= {9746},
  year			= {1997}
}

@article{shatner2000,
  title			= {A continuous time asynchronous model of the stock market; beyond the lls model},
  author			={Shatner, M and Muchnik, L and Leshno, M and Solomon, Sorin},
  journal		={arXiv preprint cond-mat/0005430},
  year			={2000}
}

@article{solomon2000,
  title			={Market ecology, Pareto wealth distribution and leptokurtic returns in microscopic simulation of the LLS stock market model},
  author			={Solomon, Sorin and Levy, Moshe},
  journal		={arXiv preprint cond-mat/0005416},
  year			={2000}
}

@Article{Zschischang2001,
  author        = {Zschischang, Elmar and Lux, Thomas},
  title         = {Some new results on the Levy, Levy and Solomon microscopic stock market model},
  journal       = {Physica A: Statistical Mechanics and its Applications},
  year          = {2001},
  volume        = {291},
  number        = {1-4},
  pages         = {563--573},
  __markedentry = {[Mauricio:]},
  publisher     = {Elsevier},
}

@Misc{Samanidou2007,
  author        	= {Samanidou, E. and Zschischang, E. and Stauffer, D. and Lux, T.},
  title         	= {Agent-based models of financial markets},
  year          	={2007},
  __markedentry 	= {[Mauricio:6]},
}

@inproceedings{li2007,
  title			={The econometric analysis of agent-based models in finance: an application},
  author			={Li, Youwei and Donkers, Bas and Melenberg, Bertrand},
  booktitle		={International Conference on Intelligent Data Engineering and Automated Learning},
  pages			={1081--1091},
  year			={2007},
  organization	={Springer}
}

@article{cordier2009,
  author			= {Cordier, Stephane and Pareschi, Lorenzo and Piatecki, Cyrille},
  title			= {Mesoscopic modelling of financial markets},
  journal		= {Journal of Statistical Physics},
  volume			= {134},
  number			= {1},
  pages			= {161--184},
  year			= {2009},
  publisher		= {Springer}
}

@book{slanina2013,
  title			=	{Essentials of econophysics modelling},
  author			=	{Slanina, Frantisek},
  year			=	{2013},
  publisher		=	{OUP Oxford}
}

@article{chen2012,
  title			={Agent-based economic models and econometrics},
  author			={Chen, Shu-Heng and Chang, Chia-Ling and Du, Ye-Rong},
  journal		={The Knowledge Engineering Review},
  volume			={27},
  number			={2},
  pages			={187--219},
  year			={2012},
  publisher		={Cambridge University Press}
}

@article{beikirch2018,
  title			={Simulation of stylized facts in agent-based computational economic market models},
  author			={Beikirch, Maximilian and Cramer, Simon and Frank, Martin and Otte, Philipp and Pabich, Emma and Trimborn, Torsten},
  journal		={arXiv preprint arXiv:1812.02726},
  year={2018}
}

@article{beikirch2019,
  title			={Robust Mathematical Formulation and Implementation of Agent-Based Computational Economic Market Models},
  author			={Beikirch, Maximilian and Cramer, Simon and Frank, Martin and Otte, Philipp and Pabich, Emma and Trimborn, Torsten},
  journal		={arXiv preprint arXiv:1904.04951},
  year			={2019}
}
@InProceedings{beikirch2020,
  author 		= {Maximilian Beikirch and Torsten Trimborn},
  title  		= {Novel Insights in the Levy-Levy-Solomon Agent-Based Economic Market Model},
  year   		= {2020},
}
@article{trimborn,
  title			={Kinetic and mean-field modeling of financial markets},
  author			={Trimborn, Torsten and Frank, Martin}
}

@Comment{jabref-meta: databaseType:bibtex;}
%_____________________
% variaciones
%_______________
@article{blok2000,
  title			={On the nature of the stock market: Simulations and experiments},
  author			={Blok, Hendrik J},
  journal		={arXiv preprint cond-mat/0010211},
  year			={2000}
}

@article{lovric2009,
  title			={Modeling investor optimism with fuzzy connectives},
  author			={Lovric, Milan and Almeida, Rui Jorge and Kaymak, Uzay and Spronk, Jaap},
  year			={2009}
}

@article{brianzoni2012,
  title			={Wealth distribution in an asset pricing model: the role of the switching mechanism},
  author			={Brianzoni, Serena and Mammana, Cristiana and Michetti, Elisabetta},
  journal		={Applied Mathematical Sciences},
  volume			={6},
  number			={9-12},
  pages			={423--442},
  year			={2012}
}

@article{bertella2014,
  title			={Confidence and the stock market: An agent-based approach},
  author			={Bertella, Mario A and Pires, Felipe R and Feng, Ling and Stanley, Harry Eugene},
  journal		={PloS one},
  volume			={9},
  number			={1},
  pages			={e83488},
  year			={2014},
  publisher		={Public Library of Science}
}

@article{zou2017,
  title		={Investor sentiment and IPOs anomalies: An agent-based computational finance},
  author		={Zou, Gaofeng and Cheng, Qiyuan and Lv, Zhenwei and Edmunds, John and Zhai, Xiaopeng},
  journal	={EURASIA Journal of Mathematics, Science and Technology Education},
  volume		={13},
  number		={12},
  pages		={7707--7721},
  year		={2017},
  publisher	={Modestum LTD}
}

@article{trimborn2018,
  title		={Mean field limit of a behavioral financial market model},
  author		={Trimborn, Torsten and Frank, Martin and Martin, Stephan},
  journal	={Physica A: Statistical Mechanics and its Applications},
  volume		={505},
  pages		={613--631},
  year		={2018},
  publisher	={Elsevier}
}

@article{trimborn2017,
  title		={Portfolio optimization and model predictive control: A kinetic approach},
  author		={Trimborn, Torsten and Pareschi, Lorenzo and Frank, Martin},
  journal	={arXiv preprint arXiv:1711.03291},
  year		={2017}
}

@phdthesis{trimborn2017,
  title		={Kinetic modeling of financial market models},
  author		={Trimborn, Torsten and others},
  year		={2017},
  school		={RWTH Aachen University}
}

